<mx:record xmlns="http://www.w3.org/TR/xhtml1/strict" xmlns:mx="http://www.loc.gov/MARC21/slim" xmlns:xsi="http://www.w3.org/2001/XMLSchema-instance"><mx:leader>00037cz  2200037n  45 0</mx:leader><mx:controlfield tag="001">oca00296406 </mx:controlfield><mx:controlfield tag="005">20080911053835.0</mx:controlfield><mx:controlfield tag="008">790801n| acannaabn          |a aaa      </mx:controlfield><mx:datafield ind1=" " ind2=" " tag="010"><mx:subfield code="a">n  79063458</mx:subfield></mx:datafield><mx:datafield ind1=" " ind2=" " tag="040"><mx:subfield code="a">DLC</mx:subfield><mx:subfield code="b">eng</mx:subfield><mx:subfield code="c">DLC</mx:subfield><mx:subfield code="d">DLC</mx:subfield><mx:subfield code="d">InU</mx:subfield><mx:subfield code="d">OCoLC</mx:subfield><mx:subfield code="d">ItFiC</mx:subfield><mx:subfield code="d">CSt</mx:subfield></mx:datafield><mx:datafield ind1="0" ind2=" " tag="100"><mx:subfield code="a">Prudentius,</mx:subfield><mx:subfield code="d">b. 348</mx:subfield></mx:datafield><mx:datafield ind1="0" ind2=" " tag="400"><mx:subfield code="a">Prudence,</mx:subfield><mx:subfield code="d">b. 348</mx:subfield></mx:datafield><mx:datafield ind1="1" ind2=" " tag="400"><mx:subfield code="w">nnaa</mx:subfield><mx:subfield code="a">Prudentius Clemens, Aurelius</mx:subfield></mx:datafield><mx:datafield ind1="0" ind2=" " tag="400"><mx:subfield code="a">Prudenzio,</mx:subfield><mx:subfield code="d">b. 348</mx:subfield></mx:datafield><mx:datafield ind1="1" ind2=" " tag="400"><mx:subfield code="a">Prudentius Clemens, Aurelius,</mx:subfield><mx:subfield code="d">b. 348</mx:subfield></mx:datafield><mx:datafield ind1="1" ind2=" " tag="400"><mx:subfield code="a">Clemens, Aurelius Prudentius,</mx:subfield><mx:subfield code="d">b. 348</mx:subfield></mx:datafield><mx:datafield ind1="0" ind2=" " tag="400"><mx:subfield code="a">Prudencio,</mx:subfield><mx:subfield code="d">b. 348</mx:subfield></mx:datafield><mx:datafield ind1="1" ind2=" " tag="400"><mx:subfield code="a">Prudencio Clemente, Aurelio,</mx:subfield><mx:subfield code="d">b. 348</mx:subfield></mx:datafield><mx:datafield ind1="1" ind2=" " tag="400"><mx:subfield code="a">Clemente, Aurelio Prudencio,</mx:subfield><mx:subfield code="d">b. 348</mx:subfield></mx:datafield><mx:datafield ind1="0" ind2=" " tag="400"><mx:subfield code="a">Prudent︠s︡iĭ,</mx:subfield><mx:subfield code="d">b. 348</mx:subfield></mx:datafield><mx:datafield ind1="1" ind2=" " tag="400"><mx:subfield code="a">Prudent︠s︡iĭ Klement, Avreliĭ,</mx:subfield><mx:subfield code="d">b. 348</mx:subfield></mx:datafield><mx:datafield ind1="1" ind2=" " tag="400"><mx:subfield code="a">Prudentius, Aurelius Clemens,</mx:subfield><mx:subfield code="d">b. 348</mx:subfield></mx:datafield><mx:datafield ind1="1" ind2=" " tag="400"><mx:subfield code="a">Prudenzio Clemente, Aurelio,</mx:subfield><mx:subfield code="d">b. 348</mx:subfield></mx:datafield><mx:datafield ind1="1" ind2=" " tag="400"><mx:subfield code="a">Prudenci Clement, Aureli,</mx:subfield><mx:subfield code="d">b. 348</mx:subfield></mx:datafield><mx:datafield ind1="1" ind2=" " tag="400"><mx:subfield code="a">Prudenci,</mx:subfield><mx:subfield code="d">b. 348</mx:subfield></mx:datafield><mx:datafield ind1="1" ind2=" " tag="400"><mx:subfield code="a">Clement, Aureli Prudenci,</mx:subfield><mx:subfield code="d">b. 348</mx:subfield></mx:datafield><mx:datafield ind1=" " ind2=" " tag="670"><mx:subfield code="a">Wallace, M. A. Hymns of the church, 1853.</mx:subfield></mx:datafield><mx:datafield ind1=" " ind2=" " tag="670"><mx:subfield code="a">His Hamartigenia, 1981:</mx:subfield><mx:subfield code="b">t.p. (Prudenzio)</mx:subfield></mx:datafield><mx:datafield ind1=" " ind2=" " tag="670"><mx:subfield code="a">Rodríguez Herrera, I. Poeta Christianus, 1981:</mx:subfield><mx:subfield code="b">t.p. (Prudencio) p. 11 (Aurelio Prudencio Clemente)</mx:subfield></mx:datafield><mx:datafield ind1=" " ind2=" " tag="670"><mx:subfield code="a">T︠S︡vi︠e︡tkov, Petr. Avrelīĭ Prudent︠s︡īĭ Klement, 1980.</mx:subfield></mx:datafield><mx:datafield ind1=" " ind2=" " tag="670"><mx:subfield code="a">Lex. d. alten Welt, 1965</mx:subfield><mx:subfield code="b">(Prudentius, Aurelius Clemens; b. 348; d. after 405)</mx:subfield></mx:datafield><mx:datafield ind1=" " ind2=" " tag="670"><mx:subfield code="a">Lemprière&amp;#039;s classical dict., 1984</mx:subfield><mx:subfield code="b">(Prudentius, Aurelius Clemens, 348-410)</mx:subfield></mx:datafield><mx:datafield ind1=" " ind2=" " tag="670"><mx:subfield code="a">Psychomachia, 2007:</mx:subfield><mx:subfield code="b">t.p. (Aurelio Prudenzio Clemente)</mx:subfield></mx:datafield><mx:datafield ind1=" " ind2=" " tag="670"><mx:subfield code="a">Llibre de les corones, 1984:</mx:subfield><mx:subfield code="b">t.p. (Aureli Prudenci Clement) cover (Prudenci)</mx:subfield></mx:datafield><mx:datafield ind1=" " ind2=" " tag="678"><mx:subfield code="a">348-c.410</mx:subfield></mx:datafield><mx:datafield ind1=" " ind2=" " tag="999"><mx:subfield code="a">139169</mx:subfield></mx:datafield></mx:record>